<?xml version="1.0" encoding="UTF-8"?><record xmlns="http://www.loc.gov/MARC21/slim" xmlns:cinclude="http://apache.org/cocoon/include/1.0" xmlns:zs="http://www.loc.gov/zing/srw/">
  <leader>00478nz  a2200145n  4500</leader>
  <controlfield tag="001">no 99029283 </controlfield>
  <controlfield tag="003">DLC</controlfield>
  <controlfield tag="005">19990427053206.7</controlfield>
  <controlfield tag="008">990426n| acannaab|          |n aaa     c</controlfield>
  <datafield tag="010" ind1=" " ind2=" ">
    <subfield code="a">no 99029283 </subfield>
  </datafield>
  <datafield tag="035" ind1=" " ind2=" ">
    <subfield code="a">(OCoLC)oca04972954 </subfield>
  </datafield>
  <datafield tag="040" ind1=" " ind2=" ">
    <subfield code="a">AzTeS</subfield>
    <subfield code="c">AzTeS</subfield>
  </datafield>
  <datafield tag="100" ind1="1" ind2="0">
    <subfield code="a">Morris, Herman C.</subfield>
    <subfield code="q">(Herman Charles),</subfield>
    <subfield code="d">1908-</subfield>
  </datafield>
  <datafield tag="670" ind1=" " ind2=" ">
    <subfield code="a">World War II in pictures, c1945:</subfield>
    <subfield code="b">t.p. (Herman C. Morris)</subfield>
  </datafield>
  <datafield tag="670" ind1=" " ind2=" ">
    <subfield code="a">OCLC, Apr. 12, 1999</subfield>
    <subfield code="b">(hdg.: Morris, Herman Charles, 1908- ; usage: Herman C. Morris)</subfield>
  </datafield>
</record>